@article{tridgell1996rsync,
    title={The rsync algorithm},
    author={Tridgell, Andrew and Mackerras, Paul and others},
    year={1996},
    publisher={The Australian National University},
    url={https://digitalcollections.anu.edu.au/bitstream/1885/40765/3/TR-CS-96-05.pdf}
}
@article{pierce2004s,
  title={What's in Unison? A formal specification and reference implementation of a file synchronizer},
  author={Pierce, Benjamin C and Vouillon, J{\'e}r{\^o}me},
  year={2004},
  publisher={University of Pennsylvania},
  url={http://repository.upenn.edu/cis_reports/40}
}
@techreport{1885-40765,
	author = {Tridgell, Andrew and Mackerras, Paul},
	title = {The rsync algorithm},
	year = {1996}
}
