% Encoding: UTF-8

@Article{matfyzak,
  title = {Úvod do matfyzáka},
  url   = {http://michal.bdnet.cz/matfyzak.html},
  howpublished = online
}

@techreport{rsync,
  title={The rsync algorithm},
  author={Tridgell, Andrew and Mackerras, Paul and others},
  year={1996},
  institution={The Australian National University},
  url={https://openresearch-repository.anu.edu.au/bitstream/1885/40765/3/TR-CS-96-05.pdf}
}

@techreport{setrec,
  title={Efficient reconciliation of unordered databases},
  author={Minsky, Yaron and Trachtenberg, Ari},
  year={1999},
  institution={Cornell University},
  URL={https://ecommons.cornell.edu/bitstream/handle/1813/7432/99-1778.pdf}
}

% note = {Available at \url{http://michal.bdnet.cz/matfyzak.html}}
@Comment{jabref-meta: databaseType:bibtex;}
